<record><leader>00000cas a22000007a 4500</leader><controlfield tag="001">24103279</controlfield><controlfield tag="008">910719d18uu19uuohuwr ne      0    0eng d</controlfield><datafield ind1=" " ind2=" " tag="010"><subfield code="a">sn 91069987 </subfield></datafield><datafield ind1=" " ind2=" " tag="040"><subfield code="a">ONP</subfield><subfield code="b">eng</subfield><subfield code="c">ONP</subfield><subfield code="d">OCLCQ</subfield></datafield><datafield ind1=" " ind2=" " tag="042"><subfield code="a">msc</subfield></datafield><datafield ind1="0" ind2="4" tag="245"><subfield code="a">The Middletown signal.</subfield></datafield><datafield ind1=" " ind2=" " tag="260"><subfield code="a">Middletown, Ohio :</subfield><subfield code="b">Thomas J. Ward</subfield></datafield><datafield ind1=" " ind2=" " tag="300"><subfield code="a">v.</subfield></datafield><datafield ind1=" " ind2=" " tag="310"><subfield code="a">Weekly</subfield></datafield><datafield ind1=" " ind2=" " tag="588"><subfield code="a">Description based on: Vol. 7, no. 7 (Jan. 8, 1881).</subfield></datafield><datafield ind1=" " ind2=" " tag="752"><subfield code="a">United States</subfield><subfield code="b">Ohio</subfield><subfield code="c">Butler</subfield><subfield code="d">Middletown.</subfield></datafield><datafield ind1="0" ind2=" " tag="775"><subfield code="t">Middletown daily signal</subfield><subfield code="w">(DLC)sn 91069988</subfield></datafield><datafield ind1="0" ind2=" " tag="775"><subfield code="t">Daily signal (Middletown, Ohio)</subfield><subfield code="w">(DLC)sn 91069989</subfield></datafield></record>